@incollection{sadakane2000compressed,
  title={Compressed text databases with efficient query algorithms based on the compressed suffix array},
  author={Sadakane, Kunihiko},
  booktitle={Algorithms and Computation},
  pages={410--421},
  year={2000},
  publisher={Springer}
}
@inproceedings{claude2009practical,
  title={Practical rank/select queries over arbitrary sequences},
  author={Claude, Francisco and Navarro, Gonzalo},
  booktitle={String Processing and Information Retrieval},
  pages={176--187},
  year={2009},
  organization={Springer}
}
@inproceedings{okanohara2007practical,
  title={Practical Entropy-Compressed Rank/Select Dictionary.},
  author={Okanohara, Daisuke and Sadakane, Kunihiko},
  booktitle={ALENEX},
  year={2007},
  organization={SIAM}
}
@inproceedings{makinen2007implicit,
  title={Implicit compression boosting with applications to self-indexing},
  author={M{\"a}kinen, Veli and Navarro, Gonzalo},
  booktitle={String Processing and Information Retrieval},
  pages={229--241},
  year={2007},
  organization={Springer}
}
@book{witten1999managing,
  title={Managing gigabytes: compressing and indexing documents and images},
  author={Witten, Ian H and Moffat, Alistair and Bell, Timothy C},
  year={1999},
  publisher={Morgan Kaufmann}
}
@inproceedings{sadakane2002succinct,
  title={Succinct representations of lcp information and improvements in the compressed suffix arrays},
  author={Sadakane, Kunihiko},
  booktitle={Proceedings of the thirteenth annual ACM-SIAM symposium on Discrete algorithms},
  pages={225--232},
  year={2002},
  organization={Society for Industrial and Applied Mathematics}
}
@incollection{hon2003constructing,
  title={Constructing compressed suffix arrays with large alphabets},
  author={Hon, Wing-Kai and Lam, Tak-Wah and Sadakane, Kunihiko and Sung, Wing-Kin},
  booktitle={Algorithms and Computation},
  pages={240--249},
  year={2003},
  publisher={Springer}
}
@inproceedings{raman2002succinct,
  title={Succinct indexable dictionaries with applications to encoding k-ary trees and multisets},
  author={Raman, Rajeev and Raman, Venkatesh and Rao, S Srinivasa},
  booktitle={Proceedings of the thirteenth annual ACM-SIAM symposium on Discrete algorithms},
  pages={233--242},
  year={2002},
  organization={Society for Industrial and Applied Mathematics}
}
@article{metzker2009sequencing,
  title={Sequencing technologiesâ€”the next generation},
  author={Metzker, Michael L},
  journal={Nature Reviews Genetics},
  volume={11},
  number={1},
  pages={31--46},
  year={2009},
  publisher={Nature Publishing Group}
}
@inproceedings{jacobson1989space,
  title={Space-efficient static trees and graphs},
  author={Jacobson, Guy},
  booktitle={Foundations of Computer Science, 1989., 30th Annual Symposium on},
  pages={549--554},
  year={1989},
  organization={IEEE}
}
@article{li2009soap2,
  title={SOAP2: an improved ultrafast tool for short read alignment},
  author={Li, Ruiqiang and Yu, Chang and Li, Yingrui and Lam, Tak-Wah and Yiu, Siu-Ming and Kristiansen, Karsten and Wang, Jun},
  journal={Bioinformatics},
  volume={25},
  number={15},
  pages={1966--1967},
  year={2009},
  publisher={Oxford Univ Press}
}
@article{li2009sequence,
  title={The sequence alignment/map format and SAMtools},
  author={Li, Heng and Handsaker, Bob and Wysoker, Alec and Fennell, Tim and Ruan, Jue and Homer, Nils and Marth, Gabor and Abecasis, Goncalo and Durbin, Richard and others},
  journal={Bioinformatics},
  volume={25},
  number={16},
  pages={2078--2079},
  year={2009},
  publisher={Oxford Univ Press}
}

@article{li2009fast,
  title={Fast and accurate short read alignment with Burrows--Wheeler transform},
  author={Li, Heng and Durbin, Richard},
  journal={Bioinformatics},
  volume={25},
  number={14},
  pages={1754--1760},
  year={2009},
  publisher={Oxford Univ Press}
}

@article{li2008mapping,
  title={Mapping short DNA sequencing reads and calling variants using mapping quality scores},
  author={Li, Heng and Ruan, Jue and Durbin, Richard},
  journal={Genome research},
  volume={18},
  number={11},
  pages={1851--1858},
  year={2008},
  publisher={Cold Spring Harbor Lab}
}

@article{li2008soap,
  title={SOAP: short oligonucleotide alignment program},
  author={Li, Ruiqiang and Li, Yingrui and Kristiansen, Karsten and Wang, Jun},
  journal={Bioinformatics},
  volume={24},
  number={5},
  pages={713--714},
  year={2008},
  publisher={Oxford Univ Press}
}
@article{langmead2009ultrafast,
  title={Ultrafast and memory-efficient alignment of short DNA sequences to the human genome},
  author={Langmead, Ben and Trapnell, Cole and Pop, Mihai and Salzberg, Steven L and others},
  journal={Genome Biol},
  volume={10},
  number={3},
  pages={R25},
  year={2009}
}

@article{lippert2005space,
  title={Space-efficient whole genome comparisons with Burrows-Wheeler transforms},
  author={Lippert, Ross A},
  journal={Journal of Computational Biology},
  volume={12},
  number={4},
  pages={407--415},
  year={2005},
  publisher={Mary Ann Liebert, Inc. 2 Madison Avenue Larchmont, NY 10538 USA}
}

@inproceedings{frousios2010real,
  title={REAL: an efficient REad ALigner for next generation sequencing reads},
  author={Frousios, Kimon and Iliopoulos, Costas S and Mouchard, Laurent and Pissis, Solon P and Tischler, German},
  booktitle={Proceedings of the First ACM International Conference on Bioinformatics and Computational Biology},
  pages={154--159},
  year={2010},
  organization={ACM}
}

@article{lin2008zoom,
  title={ZOOM! Zillions of oligos mapped},
  author={Lin, Hao and Zhang, Zefeng and Zhang, Michael Q and Ma, Bin and Li, Ming},
  journal={Bioinformatics},
  volume={24},
  number={21},
  pages={2431--2437},
  year={2008},
  publisher={Oxford Univ Press}
}

@article{jiang2008seqmap,
  title={SeqMap: mapping massive amount of oligonucleotides to the genome},
  author={Jiang, Hui and Wong, Wing Hung},
  journal={Bioinformatics},
  volume={24},
  number={20},
  pages={2395--2396},
  year={2008},
  publisher={Oxford Univ Press}
}

@article{schatz2009cloudburst,
  title={CloudBurst: highly sensitive read mapping with MapReduce},
  author={Schatz, Michael C},
  journal={Bioinformatics},
  volume={25},
  number={11},
  pages={1363--1369},
  year={2009},
  publisher={Oxford Univ Press}
}

@article{smith2008using,
  title={Using quality scores and longer reads improves accuracy of Solexa read mapping},
  author={Smith, Andrew D and Xuan, Zhenyu and Zhang, Michael Q},
  journal={BMC bioinformatics},
  volume={9},
  number={1},
  pages={128},
  year={2008},
  publisher={BioMed Central Ltd}
}
@inproceedings{huo2014practical,
  title={A Practical Implementation of Compressed Suffix Arrays with Applications to Self-Indexing},
  author={Huo, Hongwei and Chen, Longgang and Vitter, Jeffrey Scott and Nekrich, Yakov},
  booktitle={Data Compression Conference (DCC), 2014},
  pages={292--301},
  year={2014},
  organization={IEEE}
}
@article{grossi2005compressed,
  title={Compressed suffix arrays and suffix trees with applications to text indexing and string matching},
  author={Grossi, Roberto and Vitter, Jeffrey Scott},
  journal={SIAM Journal on Computing},
  volume={35},
  number={2},
  pages={378--407},
  year={2005},
  publisher={SIAM}
}
@article{manber1993suffix,
  title={Suffix arrays: a new method for on-line string searches},
  author={Manber, Udi and Myers, Gene},
  journal={siam Journal on Computing},
  volume={22},
  number={5},
  pages={935--948},
  year={1993},
  publisher={SIAM}
}

@incollection{lam2002space,
  title={A space and time efficient algorithm for constructing compressed suffix arrays},
  author={Lam, Tak-Wah and Sadakane, Kunihiko and Sung, Wing-Kin and Yiu, Siu-Ming},
  booktitle={Computing and Combinatorics},
  pages={401--410},
  year={2002},
  publisher={Springer}
}

@article{ferragina2005indexing,
  title={Indexing compressed text},
  author={Ferragina, Paolo and Manzini, Giovanni},
  journal={Journal of the ACM (JACM)},
  volume={52},
  number={4},
  pages={552--581},
  year={2005},
  publisher={ACM}
}
@article{rumble2009shrimp,
  title={SHRiMP: accurate mapping of short color-space reads},
  author={Rumble, Stephen M and Lacroute, Phil and Dalca, Adrian V and Fiume, Marc and Sidow, Arend and Brudno, Michael},
  journal={PLoS computational biology},
  volume={5},
  number={5},
  pages={e1000386},
  year={2009},
  publisher={Public Library of Science}
}

@article{li2012wham,
  title={Wham: a high-throughput sequence alignment method},
  author={Li, Yinan and Patel, Jignesh M and Terrell, Allison},
  journal={ACM Transactions on Database Systems (TODS)},
  volume={37},
  number={4},
  pages={28},
  year={2012},
  publisher={ACM}
}

@article{homer2009bfast,
  title={BFAST: an alignment tool for large scale genome resequencing},
  author={Homer, Nils and Merriman, Barry and Nelson, Stanley F},
  journal={PloS one},
  volume={4},
  number={11},
  pages={e7767},
  year={2009},
  publisher={Public Library of Science}
}
@article{knuth1977fast,
  title={Fast pattern matching in strings},
  author={Knuth, Donald E and Morris, Jr, James H and Pratt, Vaughan R},
  journal={SIAM journal on computing},
  volume={6},
  number={2},
  pages={323--350},
  year={1977},
  publisher={SIAM}
}

@article{cock2010sanger,
  title={The Sanger FASTQ file format for sequences with quality scores, and the Solexa/Illumina FASTQ variants},
  author={Cock, Peter JA and Fields, Christopher J and Goto, Naohisa and Heuer, Michael L and Rice, Peter M},
  journal={Nucleic acids research},
  volume={38},
  number={6},
  pages={1767--1771},
  year={2010},
  publisher={Oxford Univ Press}
}

@article{jacobson1988succinct,
  title={Succinct static data structures},
  author={Jacobson, Guy Joseph},
  year={1988},
  publisher={Carnegie Mellon University}
}

@article{eddy1998profile,
  title={Profile hidden Markov models.},
  author={Eddy, Sean R.},
  journal={Bioinformatics},
  volume={14},
  number={9},
  pages={755--763},
  year={1998},
  publisher={Oxford Univ Press}
}
@article{lesk1e21986alignment,
  title={Alignment of the amino acid sequences of distantly related proteins using variable gap penalties},
  author={Lesk1e2, Arthur M and Levitt, Michael and Chothia1a4, Cyrus},
  journal={Protein Engineering},
  volume={1},
  number={1},
  pages={77--78},
  year={1986}
}
